@article{Herlihy:1993:TMA:173682.165164,
 author = {Herlihy, M. and Moss, J.},
 title = {Transactional memory: architectural support for lock-free data structures},
 journal = {SIGARCH Comput. Archit. News},
 issue_date = {May 1993},
 volume = {21},
 number = {2},
 month = may,
 year = {1993},
 issn = {0163-5964},
 pages = {289--300},
 numpages = {12},
 url = {http://doi.acm.org/10.1145/173682.165164},
 doi = {10.1145/173682.165164},
 acmid = {165164},
 publisher = {ACM},
 address = {New York, NY, USA},
} 
